@Unpublished{ruiz21,
title = {The {Biot-Stokes} coupling using total pressure: formulation, analysis and application 
to interfacial flow in the eye},
author= {Ricardo Ruiz-Baier and Matteo Taffetani and Hans D. Westermeyer and Ivan Yotov}, 
note={Submitted preprint. Available from \url{http://arxiv.org/abs/2106.09191}},
year = {2021}
}

@article{wirth12,
    author = {Wirth, B. and Sobey, I. and Eisenträger, A.},
    title = "{Conditions for choking in a poroelastic flow model}",
    journal = {IMA Journal of Applied Mathematics},
    volume = {79},
    number = {2},
    pages = {254-273},
    year = {2012},
    month = {09},
    abstract = "{We consider a steady Darcy flow of fluid through a section of poroelastic material under an applied pressure difference. In porous media flow, the superficial fluid velocity and applied pressure gradient are related by a permeability such that, when the porous material is rigid, specifying either the flow rate or the applied pressure difference allows the determination of the other quantity and flow will occur for all non-zero applied pressure gradients. When the underlying solid matrix is a deformable elastic material and the fluid permeability can vary with applied strain on the solid matrix, then the permeability can reduce to zero and the solid matrix become impermeable, so that flow is not possible and no steady solution exists. We examine existing steady poroelastic equations for a number of different well-known elastic models and permeability–strain relations and consider solutions for the resulting steady strain and fluid flow. We solve the governing equations numerically for some example situations and propose a sufficient condition on the functional form of the permeability–strain relation for solutions to exist for any specified applied pressure.}"
}

@article{ager19,
title = "A {N}itsche-based cut finite element method for the coupling of incompressible fluid flow with poroelasticity",
journal = "Computer Methods in Applied Mechanics and Engineering",
volume = "351",
pages = "253--280",
year = "2019",
author = "C. Ager and B. Schott and M. Winter and W. A. Wall"
}

@article{aletti16,
  TITLE = {Modeling autoregulation in three-dimensional simulations of retinal hemodynamics},
  AUTHOR = {Aletti, Matteo and Gerbeau, Jean-Fr{\'e}d{\'e}ric and Lombardi, Damiano},
  JOURNAL = {{Journal for Modeling in Ophthalmology}},
  VOLUME = {1},
  NUMBER = {1},
  YEAR = {2016},
  PAGES = {88 - 115}
}

@article{alnaes15,
	Author = {M. S. Aln{\ae}s and J. Blechta and J. Hake and A. Johansson and B. Kehlet and A. Logg and C. Richardson and J. Ring and M. E. Rognes and G. N. Wells},
	Journal = {Archive of Numerical Software},
	Number = {100},
	Pages = {9--23},
	Title = {The {FE}ni{CS} Project Version 1.5},
	Volume = {3},
	Year = {2015}} 

@Article{ambar18,
author="Ambartsumyan, Ilona
and Khattatov, Eldar
and Yotov, Ivan
and Zunino, Paolo",
title="A {L}agrange multiplier method for a {S}tokes--{B}iot fluid--poroelastic structure interaction model",
journal="Numerische Mathematik",
year="2018",
month="Oct",
day="01",
volume="140",
number="2",
pages="513 - 553",
doi="10.1007/s00211-018-0967-1"
}

@article{anaya19,
author = {Anaya, Veronica and Mora, David  and Reales, Carlos and Ruiz Baier, Ricardo},
  title = {A vorticity-pressure finite element formulation
for the {B}rinkman-{D}arcy coupled problem},
  journal = {Numer. Methods Part. Diff. Eqns.},
  fjournal = {Numerical {M}ethods for {P}artial {D}ifferential {E}quations},
  year = {2019},
  volume = {35},
  number = {2},
  pages = {528--544},
doi = {10.1002/num.22312}
}

@Article{anaya19b,
    AUTHOR = {Anaya, Veronica and De Wijn, Zoa and G{\'o}mez-Vargas, Bryan and
    Mora, David and Ruiz-Baier, Ricardo},
    TITLE = {Rotation-based mixed formulations for an elasticity-poroelasticity interface problem},
      YEAR = {2019},
    url={https://www.ci2ma.udec.cl/publicaciones/prepublicaciones/prepublicacion.php?id=371},
    journal = {Submitted preprint. Available from ci2ma.udec.cl/publicaciones/prepublicaciones}
    }


@Article{badia09,
   Author="Badia, S.  and Quaini, A. and Quarteroni, A. ",
   Title="{Coupling {B}iot and {N}avier-{S}tokes equations for modelling fluid-poroelastic media interaction}",
   Journal="Journal of Computational Physics",
   Year="2009",
   Volume="228",
   Pages="7986 - 8014"
}

@Article{bedford86,
   Author="Bedford, P. G.  and Grierson, I. ",
   Title="{{A}queous drainage in the dog}",
   Journal="Research in Veterinary Science",
   Year="1986",
   Volume="41",
   Number="2",
   Pages="172 - 186"
}

@Article{boffi17,
author="Boffi, Daniele
and Gastaldi, Lucia",
title="A fictitious domain approach with {L}agrange multiplier for fluid-structure interactions",
journal="Numerische Mathematik",
year="2017",
volume="135",
number="3",
pages="711 - 732",
doi="10.1007/s00211-016-0814-1"
}



@Article{boffi18,
author = {{Boffi}, Daniele and {Gastaldi}, Lucia and {Heltai}, Luca},
        title = "{A distributed Lagrange formulation of the Finite Element Immersed
        Boundary Method for fluids interacting with compressible solids}",
      journal = {arXiv e-prints},
         year = 2018,
        month = Dec,
        pages = {arXiv:1712.02545}
}


@article{bukac15,
title = "Partitioning strategies for the interaction of a fluid with a poroelastic material based on a {N}itsche's coupling approach",
journal = "Computer Methods in Applied Mechanics and Engineering",
volume = "292",
pages = "138 - 170",
year = "2015",
author = "M. Buka\v{c} and I. Yotov and R. Zakerzadeh and P. Zunino"
}


@Article{cannizzo17,
title="Intraocular pressure in {A}merican {B}ullfrogs ({R}ana catesbeiana) measured with rebound and applanation tonometry",
journal = "Veterinary Ophthalmology",
volume ="20",
number = "6",
pages = "526 - 532",
year = "2017",
author = "Cannizzo, S. A. and Lewbart, G. A. and Westermeyer, H. D."
}

@article{cesme17,
title = "Analysis of the coupled {Navier–Stokes/Biot} problem",
journal = "Journal of Mathematical Analysis and Applications",
volume = "456",
number = "2",
pages = "970--991",
year = "2017",
author = "Aycil Cesmelioglu",
}


@article{crowder13,
title = "Numerical simulations of fluid pressure in the human eye",
journal = "Applied Mathematics and Computation",
volume = "219",
number = "24",
pages = "11119 - 11133",
year = "2013",
issn = "0096-3003",
doi = "https://doi.org/10.1016/j.amc.2013.04.060",
url = "http://www.sciencedirect.com/science/article/pii/S0096300313005614",
author = "T.R. Crowder and V.J. Ervin"
}

@article{dangelo11,
	author = {D'Angelo, Carlo and Zunino, Paolo},
	title = {Robust numerical approximation of coupled {Stokes'}  and {Darcy's} 
 flows applied to vascular hemodynamics  and biochemical
 transport},
	DOI= "10.1051/m2an/2010062",
	journal = {ESAIM: M2AN},
	year = 2011,
	volume = 45,
	number = 3,
	pages = "447--476"
}

@article{deoliveira19,
  author = {De Oliveira Vilaca, L. M. and Milinkovitch, M. C. and Ruiz-Baier, R.},
  title = {Numerical approximation of a {3D} mechanochemical interface model for skin patterning},
  year = {2019},
  volume = {383},
  pages = {122 - 145},
  journal = {Journal of Computational Physics},
  doi = {10.1016/j.jcp.2019.01.023},
}

@article{causin14,
title = "A poroelastic model for the perfusion of the lamina cribrosa in the optic nerve head",
journal = "Mathematical Biosciences",
volume = "257",
pages = "33 - 41",
year = "2014",
author = "Paola Causin and Giovanna Guidoboni and Alon Harris and Daniele Prada and Riccardo Sacco and Samuele Terragni"}

@article{ferreira14,
title = "Numerical simulation of aqueous humor flow: From healthy to pathologic situations",
journal = "Applied Mathematics and Computation",
volume = "226",
pages = "777 - 792",
year = "2014",
author = "J.A. Ferreira and P. de Oliveira and P.M. da Silva and J.N. Murta"
}

@Article{fitt06,
author="Fitt, A. D.
and Gonzalez, G.",
title="Fluid Mechanics of the Human Eye: Aqueous Humour Flow in The Anterior Chamber",
journal="Bulletin of Mathematical Biology",
year="2006",
month="Mar",
day="08",
volume="68",
number="1",
pages="53--76",
doi="10.1007/s11538-005-9015-2",
url="https://doi.org/10.1007/s11538-005-9015-2"
}

@Article{gum07,
author={Gum, G. G. and Gelatt, K. N. and Esson, D.},
title={Physiology of the {E}ye},
journal={{In: Veterinary Ophthalmology 4th edition (ed.: K. N. Gelatt)}},
publisher={Blackwell Publishing, Iowa},
year={2007},
pages={149 - 182}
}

@Article{heys01,
   Author="Heys, J. J.  and Barocas, V. H.  and Taravella, M. J. ",
   Title="{{M}odeling passive mechanical interaction between aqueous humor and iris}",
   Journal="Journal of Biomechanical Engineering",
   Year="2001",
   Volume="123",
   Number="6",
   Pages="540 - 547"
}

@Article{johnstone04,
author="Johnstone, M. A.",
title="The Aqueous Outflow System as a Mechanical Pump: Evidence from Examination of Tissue and Aqueous Movement in Human and Non-Human Primates",
journal="Journal of Glaucoma",
year="2004",
volume="13",
number="5",
pages="421--438"
}


@article{karper09,
author = {Karper, Trygve and Mardal, Kent-Andre and Winther, Ragnar},
title = {Unified finite element discretizations of coupled {D}arcy--{S}tokes flow},
journal = {Numerical Methods for Partial Differential Equations},
volume = {25},
number = {2},
pages = {311--326},
year = {2009}
}



@article{kumar06,
author="Satish Kumar and Sumanta Acharya and Roger Beuerman and Arto Palkama",
title="Numerical solution of ocular fluid dynamics in a rabbit eye: parametric effects",
journal="Annals of Biomedical Engineering",
volume="34",
number="3",
pages="530 - 544",
year="2006"
}

@article{lee17,
author = {Lee, J. and Mardal, Kent-Andre and Winther, R.},
title = {Parameter-Robust Discretization and Preconditioning of {B}iot's Consolidation Model},
journal = {SIAM Journal on Scientific Computing},
volume = {39},
number = {1},
pages = {A1--A24},
year = {2017}
}

@article{macminn2016,
  title = {Large Deformations of a Soft Porous Material},
  author = {MacMinn, Christopher W. and Dufresne, Eric R. and Wettlaufer, John S.},
  journal = {Physical Review Applied},
  volume = {5},
  issue = {4},
  pages = {044020},
  numpages = {30},
  year = {2016}
}


@article{martinez19,
title = "Numerical model of aqueous humor drainage: effects of collector channel position",
journal = "Medical Engineering \& Physics",
volume = "65",
pages = "24--30",
year = "2019",
author = "G.J. {Martinez S\'anchez} and C. Escobar del Pozo and J.A. Rocha Medina"
}

@article{murad01,
title = "Micromechanical computational modeling of secondary consolidation and hereditary creep in soils",
journal = "Computer Methods in Applied Mechanics and Engineering",
volume = "190",
number = "15",
pages = "1985--2016",
year = "2001",
author = "Marcio A. Murad and Joao N. Guerreiro and Abimael F.D. Loula"
}

@article{oyarzua16,
  author = {Oyarz\'ua, Ricardo and Ruiz-Baier, Ricardo},
  title = {Locking-free finite element methods for poroelasticity},
  year = {2016},
  number = {5},
  volume = {54},
  pages = {2951--2973},
  journal = {SIAM {J}ournal on {N}umerical {A}nalysis}
}


@article{pearl05,
author={Pearl, Rose and Gould, David and Spiess, B. M.},
year = {2015},
title = {Progression of pectinate ligament dysplasia over time in two populations of {Flat-Coated Retrievers}},
journal={Veterinary Ophthalmology},
volume={18},
number={1},
pages={6 - 12}
}

@Article{serpilli19,
author="Serpilli, Michele",
title="Classical and higher order interface conditions in poroelasticity",
journal="Annals of Solid and Structural Mechanics",
year="2019",
doi="10.1007/s12356-019-00052-5",
volume="in press"
}

@incollection{showalter05,
  author = {Showalter, R. E.},
  title = {Poroelastic Filtration Coupled to {S}tokes Flow},
  editor = {O. Imanuvilov and G. Leugering and R. Triggiani and B.-Y. Zhang},
  year = {2005},
  series = {Lecture Notes in Pure and Applied Mathematics},
  volume = {242},
  pages = {229--241},
 booktitle = {Control Theory of Partial Differential Equations},
  publisher = {Chapman \& Hall, Boca Raton},
 }


@article{villamarin12,
title = "{3D} simulation of the aqueous flow in the human eye",
journal = "Medical Engineering \& Physics",
volume = "34",
number = "10",
pages = "1462 - 1470",
year = "2012",
issn = "1350-4533",
author = "Adan Villamarin and Sylvain Roy and Reda Hasballa and Orestis Vardoulis and Philippe Reymond and Nikolaos Stergiopulos"
}


@Article{zhang18,
author="Jing Zhang and Xiuqing Qian and Haixia Zhang and Zhicheng Liu",
title="Fluid-Structure Interaction Simulation of Aqueous Outflow System in Response to Juxtacanalicular Meshwork Permeability Changes with a Two-Way Coupled Method",
journal="Computer Modeling in Engineering \& Sciences",
year="2018",
volume="116",
number="2",
pages="301 - 314",
doi="10.31614/cmes.2018.04239"
}

@book{coussy2004,
    author    = "Oliver Coussy",
    title     = "Poromechanics",
    year      = "2004",
    publisher = "John Wiley \& Sons Ltd",
    address   = "Chichester, UK"
}

@book{cowin2007,
    author    = "Stephen C. Cowin and Stephen B. Doty",
    title     = "Tissue Mechanics",
    year      = "2007",
    publisher = "Springer-Verlag",
    address   = "New York, USA"
}
